<?xml version="1.0" encoding="UTF-8"?><collection xmlns="http://www.loc.gov/MARC21/slim"><record><leader>00727nam--2200205-i-4500</leader><controlfield tag="001">000043363</controlfield><controlfield tag="002">20161230</controlfield><controlfield tag="005">20161230201044</controlfield><controlfield tag="008">060222s1000------------r-----000-0-eng-d</controlfield><datafield ind1=" " ind2=" " tag="020"><subfield code="a">9971950553</subfield></datafield><datafield ind1=" " ind2=" " tag="040"><subfield code="a">IFIN-HH</subfield></datafield><datafield ind1=" " ind2=" " tag="080"><subfield code="a">537.222.22</subfield></datafield><datafield ind1="1" ind2=" " tag="100"><subfield code="a">Kamimura, Hiroshi</subfield></datafield><datafield ind1="1" ind2="0" tag="245"><subfield code="a">Symposium on recent topics in semiconductor physics</subfield><subfield code="b">In commemoratiion of the sixtieth birthday of professor yasutada uemura, 29 march 1982, university of tokyo, japan</subfield><subfield code="c">Hirosi kamimura, yutaka toyozawa (eds.)</subfield></datafield><datafield ind1=" " ind2=" " tag="260"><subfield code="a">Singapore</subfield><subfield code="b">World Scientific</subfield><subfield code="c">1983</subfield></datafield><datafield ind1=" " ind2=" " tag="300"><subfield code="a">XI + 271 P</subfield></datafield><datafield ind1=" " ind2=" " tag="490"><subfield code="a">Recent Topics In Semiconductor Physics</subfield></datafield><datafield ind1="1" ind2=" " tag="700"><subfield code="a">Toyozawa, Yutaka</subfield><subfield code="e">Ed</subfield></datafield><datafield ind1=" " ind2=" " tag="852"><subfield code="a">72847</subfield><subfield code="c">537.311.33</subfield></datafield><datafield ind1=" " ind2=" " tag="CAT"><subfield code="a">Sys</subfield><subfield code="c">20110727</subfield><subfield code="h">163342</subfield></datafield></record></collection>